<?xml version="1.0" encoding="UTF-8"?><collection xmlns="http://www.loc.gov/MARC21/slim"><record><leader>00569nam--2200193-i-4500</leader><controlfield tag="001">000011418</controlfield><controlfield tag="002">20161230</controlfield><controlfield tag="005">20161230201029</controlfield><controlfield tag="008">060222s1000------------r-----000-0-fre-d</controlfield><datafield ind1=" " ind2=" " tag="040"><subfield code="a">IFIN-HH</subfield></datafield><datafield ind1=" " ind2=" " tag="041"><subfield code="a">fre</subfield></datafield><datafield ind1=" " ind2=" " tag="080"><subfield code="a">539.2:537.312.62</subfield></datafield><datafield ind1="1" ind2=" " tag="100"><subfield code="a">Burger, Jean-paul</subfield></datafield><datafield ind1="1" ind2="0" tag="245"><subfield code="a">La supraconductivite des metaux, des alliages et des films minces</subfield><subfield code="c">Jean-paul burger</subfield></datafield><datafield ind1=" " ind2=" " tag="260"><subfield code="a">Paris</subfield><subfield code="b">Masson Et C-ie, Editeurs</subfield><subfield code="c">1974</subfield></datafield><datafield ind1=" " ind2=" " tag="300"><subfield code="a">X + 174 P</subfield></datafield><datafield ind1=" " ind2=" " tag="490"><subfield code="a">Collection De Monographies De Physique</subfield><subfield code="v">No.10</subfield></datafield><datafield ind1=" " ind2=" " tag="852"><subfield code="a">42402</subfield><subfield code="c">539.2</subfield></datafield><datafield ind1=" " ind2=" " tag="CAT"><subfield code="a">Sys</subfield><subfield code="c">20121024</subfield><subfield code="h">152241</subfield></datafield></record></collection>